@article{yajima2020aversion,
  title={Aversion of Pedestrians to Face-to-Face Situations Eases Crowding},
  author={Yajima, Sho and Yoshii, Kiwamu and Sumino, Yutaka},
  journal={Journal of the Physical Society of Japan},
  volume={89},
  number={7},
  pages={074003},
  year={2020},
  publisher={The Physical Society of Japan}
}

@article{yoshii2019delamination,
  title={Delamination-induced fingering of an organic viscous liquid injected into an aqueous wormlike micellar solution},
  author={Yoshii, Kiwamu and Sumino, Yutaka},
  journal={arXiv preprint arXiv:1904.10673},
  year={2019}
}